<collection xmlns="http://www.loc.gov/MARC21/slim">
<record>
  <leader>01801nam0a22003371i 450 </leader>
  <controlfield tag="001">IT\ICCU\CNCE\059345</controlfield>
  <controlfield tag="005">20141003000000.0</controlfield>
  <datafield tag="012" ind1=" " ind2=" ">
    <subfield code="a">e.o; e.o, e;e, EtDi (3) 1535 (R)</subfield>
    <subfield code="2">fei</subfield>
  </datafield>
  <datafield tag="100" ind1=" " ind2=" ">
    <subfield code="a">20041006d1535        0itac0103    ba</subfield>
  </datafield>
  <datafield tag="101" ind1=" " ind2=" ">
    <subfield code="a">ITA</subfield>
  </datafield>
  <datafield tag="102" ind1=" " ind2=" ">
    <subfield code="a">IT</subfield>
  </datafield>
  <datafield tag="200" ind1="1" ind2=" ">
    <subfield code="a">℗Il ℗Petrarcha, nuouamente conferito con essemplari antichi scritti al tempoch&apos;egli era in uita, &amp; con somma diligenza corretto con le figure a luoghi suoi accommodate. Aggiuntaui la spositione de&apos; luoghi difficili del Petrarcha, &amp; le regole degli accenti</subfield>
  </datafield>
  <datafield tag="210" ind1=" " ind2=" ">
    <subfield code="e">Impresso in Vinegia</subfield>
    <subfield code="g">per Vettor. q. Piero Rauano della Serena &amp; compagni</subfield>
    <subfield code="h">1535</subfield>
  </datafield>
  <datafield tag="215" ind1=" " ind2=" ">
    <subfield code="a">188, \43! c.</subfield>
    <subfield code="d">8ʻ</subfield>
  </datafield>
  <datafield tag="620" ind1=" " ind2=" ">
    <subfield code="a">IT</subfield>
    <subfield code="d">Venezia</subfield>
  </datafield>
  <datafield tag="700" ind1=" " ind2="1">
    <subfield code="a">Petrarca,</subfield>
    <subfield code="b">Francesco</subfield>
    <subfield code="3">IT\ICCU\CNCA\001153</subfield>
  </datafield>
  <datafield tag="712" ind1="0" ind2="0">
    <subfield code="a">Ravani, Vittore &amp; C.</subfield>
    <subfield code="3">IT\ICCU\CNCT\002928</subfield>
    <subfield code="4">650</subfield>
  </datafield>
  <datafield tag="791" ind1="0" ind2="0">
    <subfield code="a">Rabanis, Victor a &amp; C.</subfield>
    <subfield code="3">IT\ICCU\CNCT\005313</subfield>
    <subfield code="z">Ravani, Vittore &amp; C.</subfield>
  </datafield>
  <datafield tag="791" ind1="0" ind2="0">
    <subfield code="a">Ravano della Serena, Vettor &amp; C.</subfield>
    <subfield code="3">IT\ICCU\CNCT\005314</subfield>
    <subfield code="z">Ravani, Vittore &amp; C.</subfield>
  </datafield>
  <datafield tag="791" ind1="0" ind2="0">
    <subfield code="a">Serena, Vittore della &amp; C.</subfield>
    <subfield code="3">IT\ICCU\CNCT\005315</subfield>
    <subfield code="z">Ravani, Vittore &amp; C.</subfield>
  </datafield>
  <datafield tag="791" ind1="0" ind2="0">
    <subfield code="a">Ravanis, Victor de &amp; C.</subfield>
    <subfield code="3">IT\ICCU\CNCT\005316</subfield>
    <subfield code="z">Ravani, Vittore &amp; C.</subfield>
  </datafield>
  <datafield tag="791" ind1="0" ind2="0">
    <subfield code="a">Ravaniani, Vettor de &amp; C.</subfield>
    <subfield code="3">IT\ICCU\CNCT\005317</subfield>
    <subfield code="z">Ravani, Vittore &amp; C.</subfield>
  </datafield>
  <datafield tag="791" ind1="0" ind2="0">
    <subfield code="a">Rabani, Vettor de &amp; C.</subfield>
    <subfield code="3">IT\ICCU\CNCT\005318</subfield>
    <subfield code="z">Ravani, Vittore &amp; C.</subfield>
  </datafield>
  <datafield tag="801" ind1=" " ind2="3">
    <subfield code="a">IT</subfield>
    <subfield code="b">ICCU</subfield>
    <subfield code="c">20201115</subfield>
  </datafield>
  <datafield tag="899" ind1=" " ind2=" ">
    <subfield code="a">Biblioteca comunale Raffaele  Liberatore. Lanciano</subfield>
    <subfield code="z">MUTILO</subfield>
    <subfield code="1">CH0053</subfield>
    <subfield code="2">ZCH 02</subfield>
  </datafield>
  <datafield tag="899" ind1=" " ind2=" ">
    <subfield code="a">Biblioteca nazionale centrale. Firenze</subfield>
    <subfield code="1">FI0098</subfield>
    <subfield code="2">CFI CF</subfield>
  </datafield>
  <datafield tag="899" ind1=" " ind2=" ">
    <subfield code="a">Biblioteca civica. Padova</subfield>
    <subfield code="1">PD0090</subfield>
    <subfield code="2">PUV 55</subfield>
  </datafield>
  <datafield tag="899" ind1=" " ind2=" ">
    <subfield code="a">Biblioteca comunale Augusta. Perugia</subfield>
    <subfield code="z">MUTILO</subfield>
    <subfield code="1">PG0109</subfield>
    <subfield code="2">UM1 01</subfield>
  </datafield>
  <datafield tag="899" ind1=" " ind2=" ">
    <subfield code="a">Biblioteca Angelica. Roma</subfield>
    <subfield code="1">RM0290</subfield>
    <subfield code="2">RML 06</subfield>
  </datafield>
  <datafield tag="899" ind1=" " ind2=" ">
    <subfield code="a">Biblioteca civica A. Hortis. Trieste</subfield>
    <subfield code="1">TS0013</subfield>
    <subfield code="2">TSA BC</subfield>
  </datafield>
  <datafield tag="899" ind1=" " ind2=" ">
    <subfield code="a">British Library. London</subfield>
    <subfield code="1">UK0001</subfield>
  </datafield>
</record>
</collection>
